<record xmlns="http://www.loc.gov/MARC21/slim" xmlns:xsi="http://www.w3.org/2001/XMLSchema-instance" xsi:schemaLocation="http://www.loc.gov/MARC21/slim http://www.loc.gov/standards/marcxml/schema/MARC21slim.xsd">

  <leader>00885nam a2200205Ia 4500</leader>
  <datafield ind2=" " ind1=" " tag="999">
    <subfield code="c">1567</subfield>
    <subfield code="d">1567</subfield>
  </datafield>
  <controlfield tag="008">160718b2012    cr ||||| |||| 00| 0 spa d</controlfield>
  <datafield ind2=" " ind1=" " tag="090">
    <subfield code="a">06.02.01</subfield>
    <subfield code="b"> 674</subfield>
  </datafield>
  <datafield tag="100" ind1="1" ind2=" ">
    <subfield code="a">Díaz Madrigal, María</subfield>
    <subfield code="9">1438</subfield>
  </datafield>
  <datafield tag="245" ind2="0" ind1="1">
    <subfield code="a">Lineamientos para la optimización de la capacitación en el programa Normas y directrices  para intervenciones ganaderas en emergencias (LEGS) dirigido a funcionarios del Ministerio de Agricultura y Ganadería (MAG) / </subfield>
    <subfield code="c">María Díaz Madrigal, Gabriela Brenes Villalobos</subfield>
  </datafield>
  <datafield ind1=" " ind2=" " tag="260">
    <subfield code="a">[San José, Costa Rica]. : </subfield>
    <subfield code="b">INIE, </subfield>
    <subfield code="c">2012</subfield>
  </datafield>
  <datafield ind1=" " ind2=" " tag="300">
    <subfield code="a">90 páginas</subfield>
  </datafield>
  <datafield ind1=" " ind2=" " tag="500">
    <subfield code="a">Informe Proyecto de Acción Social ED-2944</subfield>
  </datafield>
  <datafield ind1=" " ind2=" " tag="500">
    <subfield code="a">La Unidad posee tambien informe de 2014</subfield>
  </datafield>
  <datafield tag="650" ind2="4" ind1="1">
    <subfield code="a">CAPACITACIÓN</subfield>
    <subfield code="9">729</subfield>
  </datafield>
  <datafield tag="650" ind2="4" ind1="1">
    <subfield code="a">GESTIÓN DE LOS RIESGOS</subfield>
    <subfield code="9">1891</subfield>
  </datafield>
  <datafield tag="650" ind2="4" ind1="1">
    <subfield code="a">DESASTRES </subfield>
    <subfield code="9">1892</subfield>
  </datafield>
  <datafield ind2="4" ind1="1" tag="650">
    <subfield code="a">GANADO</subfield>
    <subfield code="9">1893</subfield>
  </datafield>
  <datafield tag="700" ind1="1" ind2=" ">
    <subfield code="a">Brenes Villalobos, Gabriela</subfield>
    <subfield code="9">1894</subfield>
  </datafield>
  <datafield tag="942" ind2=" " ind1=" ">
    <subfield code="2">z</subfield>
    <subfield code="c">04</subfield>
  </datafield>
</record>